<?xml version="1.0" encoding="UTF-8"?><record xmlns="http://www.loc.gov/MARC21/slim" xmlns:cinclude="http://apache.org/cocoon/include/1.0" xmlns:zs="http://www.loc.gov/zing/srw/">
  <leader>00969cz  a2200193n  4500</leader>
  <controlfield tag="001">n 2010069436</controlfield>
  <controlfield tag="003">DLC</controlfield>
  <controlfield tag="005">20101023075244.0</controlfield>
  <controlfield tag="008">101018n| acannaabn          |b ana      </controlfield>
  <datafield tag="010" ind1=" " ind2=" ">
    <subfield code="a">n 2010069436</subfield>
  </datafield>
  <datafield tag="035" ind1=" " ind2=" ">
    <subfield code="a">(Uk)007951909</subfield>
  </datafield>
  <datafield tag="040" ind1=" " ind2=" ">
    <subfield code="a">DLC</subfield>
    <subfield code="b">eng</subfield>
    <subfield code="c">DLC</subfield>
    <subfield code="d">Uk</subfield>
  </datafield>
  <datafield tag="110" ind1="1" ind2=" ">
    <subfield code="a">Korea (South).</subfield>
    <subfield code="b">Kukhoe.</subfield>
    <subfield code="b">Yŏsŏng Kajok Wiwŏnhoe</subfield>
  </datafield>
  <datafield tag="410" ind1="1" ind2=" ">
    <subfield code="a">Korea (South).</subfield>
    <subfield code="b">Kukhoe.</subfield>
    <subfield code="b">Gender Equality and Family Committee</subfield>
  </datafield>
  <datafield tag="410" ind1="2" ind2=" ">
    <subfield code="a">Kukhoe Yŏsŏng Kajok Wiwŏnhoe (Korea)</subfield>
  </datafield>
  <datafield tag="410" ind1="1" ind2=" ">
    <subfield code="a">Korea (South).</subfield>
    <subfield code="b">국회.</subfield>
    <subfield code="b">여성 가족 위원회</subfield>
  </datafield>
  <datafield tag="667" ind1=" " ind2=" ">
    <subfield code="a">Non-Latin script reference not evaluated</subfield>
  </datafield>
  <datafield tag="670" ind1=" " ind2=" ">
    <subfield code="a">Sŏng p'yŏngdŭng kwallyŏn ippŏp hyŏnhwang mit hyanghu kwaje, 2008-:</subfield>
    <subfield code="b">v. 1, t.p. (국회 여성 가족 위원회 = Kukhoe Yŏsŏng Kajok Wiwŏnhoe)</subfield>
  </datafield>
  <datafield tag="670" ind1=" " ind2=" ">
    <subfield code="a">Kukhoe Yŏsŏng Kajok Wiwŏnhoe WWW Home page, Oct. 18, 2010</subfield>
    <subfield code="b">(여성 가족 위원회 = Yŏsŏng Kajok Wiwŏnhoe; The National Assembly of the Republic of Korea Gender Equality and Family Committee)</subfield>
  </datafield>
</record>